@article {LEAP:LEAP0509,
	author = {Arif Jinha},
	title = {Article 50 million: an estimate of the number of scholarly articles in existence},
	journal = {Learned Publishing},
	volume = {23},
	number = {3},
	issn = {1741-4857},
	url = {http://dx.doi.org/10.1087/20100308},
	doi = {10.1087/20100308},
	pages = {258--263},
	year = {2010},
}
@article{devos2001intrinsic,
  title={Intrinsic errors in genome annotation},
  author={Devos, Damien and Valencia, Alfonso},
  journal={TRENDS in Genetics},
  volume={17},
  number={8},
  pages={429--431},
  year={2001},
  publisher={Elsevier}
}
@article{schnoes2009annotation,
  title={Annotation error in public databases: misannotation of molecular function in enzyme superfamilies},
  author={Schnoes, Alexandra M and Brown, Shoshana D and Dodevski, Igor and Babbitt, Patricia C},
  journal={PLoS Comput Biol},
  volume={5},
  number={12},
  pages={e1000605},
  year={2009},
  publisher={Public Library of Science}
}
@online{uniprot_stat,
	title  = {UniProtKB/TrEMBL statistics},
	date   = {2016-09},
	url    = {http://www.ebi.ac.uk/uniprot/TrEMBLstats}
}
@online{expasy_stat,
	title  = {UniProtKB/Swiss-Prot statistics},
	date   = {2016-09},
	url    = {http://web.expasy.org/docs/relnotes/relstat.html}
}
@online{100kfoodborne,
	title  = {100K Foodborne Pathogen Genome Project},
	url    = {http://100kgenome.vetmed.ucdavis.edu/}
}

@online{hmp,
	title  = {Human microbiome project},
	url    = {http://hmpdacc.org/}
}
@article{lima2009hamap,
	title={HAMAP: a database of completely sequenced microbial proteome sets and manually curated microbial protein families in UniProtKB/Swiss-Prot},
	author={Lima, Tania and Auchincloss, Andrea H and Coudert, Elisabeth and Keller, Guillaume and Michoud, Karine and Rivoire, Catherine and Bulliard, Virginie and De Castro, Edouard and Lachaize, Corinne and Baratin, Delphine and others},
	journal={Nucleic acids research},
	volume={37},
	number={suppl 1},
	pages={D471--D478},
	year={2009},
	publisher={Oxford Univ Press}
}
 
@article{uniprot2011ongoing,
 	title={Ongoing and future developments at the Universal Protein Resource},
 	author={UniProt Consortium and others},
 	journal={Nucleic acids research},
 	volume={39},
 	number={suppl 1},
 	pages={D214--D219},
 	year={2011},
 	publisher={Oxford Univ Press}
}

@article{karpe2011pathway,
	title={The pathway tools pathway prediction algorithm},
	author={Karpe, Peter D and Latendresse, Mario and Caspi, Ron},
	journal={Standards in genomic sciences},
	volume={5},
	number={3},
	pages={424},
	year={2011},
	publisher={BioMed Central}
}

@book{Alhazen1572,
	title={Opticae thesaurus},
	author={Alhazen},
	editor={Basileae, per Episcopios. M D LXXII},
	publisher={Service Commun de la Documentation de l'Universit√© de Strasbourg },
	year={1572}
}


@article{sowa92,
    title={Conceptual graphs as a universal knowledge representation},
    author={Sowa, John F},
    journal={Computers \& Mathematics with Applications},
    volume={23},
    number={2},
    pages={75--93},
    year={1992},
    publisher={Elsevier}
}

@book{sowa99,
    howpublished = {Paperback},
    title={Knowledge representation: logical, philosophical, and computational foundations},
    author={Sowa, John F},
    year={1999},
    url = {http://www.jfsowa.com/krbook/},
    publisher={Course Technology}
}

@article{lukasiewicz68,
    title={On three-valued logic},
    author={{\L}ukasiewicz, Jan},
    journal={The Polish Review},
    pages={43--44},
    year={1968},
    publisher={JSTOR}
}
